<?xml version="1.0" encoding="UTF-8"?><collection xmlns="http://www.loc.gov/MARC21/slim"><record><leader>00553nam--2200181-i-4500</leader><controlfield tag="001">000048521</controlfield><controlfield tag="002">20161230</controlfield><controlfield tag="005">20161230201047</controlfield><controlfield tag="008">060222s1000------------r-----000-0-eng-d</controlfield><datafield ind1=" " ind2=" " tag="040"><subfield code="a">IFIN-HH</subfield></datafield><datafield ind1=" " ind2=" " tag="080"><subfield code="a">539.12:539.131</subfield></datafield><datafield ind1="1" ind2=" " tag="100"><subfield code="a">Martin, Ph</subfield></datafield><datafield ind1="1" ind2="0" tag="245"><subfield code="a">On trace-class operators of scattering theory and the asymptotic behaviour of scattering cross section at high enegry</subfield><subfield code="c">Ph. martin, b. misra</subfield></datafield><datafield ind1=" " ind2=" " tag="260"><subfield code="a">Denver, Colorado</subfield><subfield code="b">University</subfield><subfield code="c">/F.A.</subfield></datafield><datafield ind1=" " ind2=" " tag="300"><subfield code="a">46P</subfield></datafield><datafield ind1="1" ind2=" " tag="700"><subfield code="a">Misra, B</subfield></datafield><datafield ind1=" " ind2=" " tag="852"><subfield code="a">16057</subfield><subfield code="c">539.131</subfield></datafield><datafield ind1=" " ind2=" " tag="CAT"><subfield code="a">Sys</subfield><subfield code="c">20120228</subfield><subfield code="h">155204</subfield></datafield></record></collection>